@INPROCEEDINGS{HPC,
  author={S. {Wang} and Y. {Liang} and W. {Zhang}},
  booktitle={2019 IEEE International Symposium on High Performance Computer Architecture (HPCA)}, 
  title={Poly: Efficient Heterogeneous System and Application Management for Interactive Applications}, 
  year={2019},
  pages={199-210},}

@Misc{中国台网正式地震目录,
howpublished = {Website},
note = {\url{https://data.earthquake.cn/datashare/report.shtml?PAGEID=earthquake_csn} Accessed Nov 11, 2023},
title = {国家地震科学数据中心},
author = {国家科技资源共享服务平台}
}

@article{松原地区地震发震机制与迁移特点研究,
  author = {阮庆丰，刘俊清，田有，刘财，张宇，蔡宏雷}, 
  title = {松原地区地震发震机制与迁移特点研究},
  journal = {地球物理学报},
  year = 2022,
  number = 2,
  pages = {3309-3321},
  month = 9,
  note = {doi:10.6038/cjg2022Q0132}, 
  volume = 65
}

@Misc{matplotlib.dates的使用,
howpublished = {Website},
note = {\url{https://matplotlib.org/stable/api/dates_api.html}},
title = {matplotlib.dates},
author = {matplotlib}
}

